%% This BibTeX bibliography file was created using BibDesk.
%% http://bibdesk.sourceforge.net/


%% Created for Filippo Sironi at 2010-09-05 12:07:26 +0200 


%% Saved with string encoding Unicode (UTF-8) 



@url{biblio:microsoft-f-shapr-dev-center,
	Author = {Microsoft Corporation},
	Date-Added = {2010-09-05 12:06:36 +0200},
	Date-Modified = {2010-09-05 12:07:24 +0200},
	Lastchecked = {\today},
	Title = {\url{http://msdn.microsoft.com/en-us/fsharp/default.aspx}},
	Urldate = {\today}}

@book{biblio:programming-f-sharp,
	Author = {Chris Smith},
	Date-Added = {2010-09-05 12:04:49 +0200},
	Date-Modified = {2010-09-05 12:05:57 +0200},
	Publisher = {O'Reilly},
	Title = {Programming F\#},
	Year = {2010}}

@book{biblio:fundations-of-fsharp,
	Author = {Robert Pickering},
	Date-Added = {2010-09-05 12:03:36 +0200},
	Date-Modified = {2010-09-05 12:04:37 +0200},
	Publisher = {Apress},
	Title = {Fundations of F\#},
	Year = {2007}}

@book{biblio:expert-fsharp,
	Author = {Syme, Don and Granicz, Adam and Cisternino, Antonio},
	Date-Added = {2010-09-05 11:59:16 +0200},
	Date-Modified = {2010-09-05 12:03:14 +0200},
	Publisher = {Apress},
	Title = {Expert F\#},
	Year = {2007}}
